@article{s1,
  title={H= xp and the Riemann zeros},
  author={Berry, Michael V and Keating, Jonathan P},
  journal={Supersymmetry and trace formulae: chaos and disorder},
  pages={355--367},
  year={1999},
  publisher={Springer}
}

@article{s2,
  title={Trace formula in noncommutative geometry and the zeros of the Riemann zeta function},
  author={Connes, Alain},
  journal={Selecta Mathematica},
  volume={5},
  number={1},
  pages={29},
  year={1999},
  publisher={Springer}
}

@misc{s3,
  title={Academic Press New York},
  author={Function, Edwards HM Riemanns Zeta},
  year={1974},
  publisher={USA}
}

@article{s4,
  title={The Riemann zeros and eigenvalue asymptotics},
  author={Berry, Michael V and Keating, Jonathan P},
  journal={SIAM review},
  volume={41},
  number={2},
  pages={236--266},
  year={1999},
  publisher={SIAM}
}

@article{s5,
  title={Mathematical surprises and Dirac's formalism in quantum mechanics},
  author={Fran{\c{c}}ois, Gieres and others},
  year={2000},
  publisher={Institute of Physics Publishing}
}

@article{s6,
  title={Allgemeine eigenwerttheorie hermitescher funktionaloperatoren},
  author={v. Neumann, J},
  journal={Mathematische Annalen},
  volume={102},
  number={1},
  pages={49--131},
  year={1930},
  publisher={Springer}
}
