@article{l1,
  title={Specific heat of solids},
  author={Ho, Cho Yen},
  year={1988},
  publisher={Hemisphere Publishing, New York, NY}
}

@article{l2,
  title={Al 10 V: An Einstein Solid},
  author={Caplin, AD and Gr{\"u}ner, G and Dunlop, JB},
  journal={Physical Review Letters},
  volume={30},
  number={22},
  pages={1138},
  year={1973},
  publisher={APS}
}
@article{l3,
  title={The Maxwell--Boltzmann distribution},
  author={Rowlinson*, JS},
  journal={Molecular Physics},
  volume={103},
  number={21-23},
  pages={2821--2828},
  year={2005},
  publisher={Taylor \& Francis}
}


@article{l4,
  title={Numerical modeling of highly doped Si: P emitters based on Fermi--Dirac statistics and self-consistent material parameters},
  author={Altermatt, Pietro P and Schumacher, J{\"u}rgen O and Cuevas, Andres and Kerr, Mark J and Glunz, Stefan W and King, Richard R and Heiser, Gernot and Schenk, Andreas},
  journal={Journal of Applied Physics},
  volume={92},
  number={6},
  pages={3187--3197},
  year={2002},
  publisher={American Institute of Physics}
}

@article{l5,
  title={Thermodynamic limit of a classical gas in nonextensive statistical mechanics: Negative specific heat and polytropism},
  author={Abe, Sumiyoshi},
  journal={Physics Letters A},
  volume={263},
  number={4-6},
  pages={424--429},
  year={1999},
  publisher={Elsevier}
}

@article{l6,
  title={Free energy, entropy, and internal energy of hydrophobic interactions: Computer simulations},
  author={Smith, David E and Haymet, ADJ},
  journal={The Journal of chemical physics},
  volume={98},
  number={8},
  pages={6445--6454},
  year={1993},
  publisher={American Institute of Physics}
}

@article{l7,
  title={Canonical partition functions: ideal quantum gases, interacting classical gases, and interacting quantum gases},
  author={Zhou, Chi-Chun and Dai, Wu-Sheng},
  journal={Journal of Statistical Mechanics: Theory and Experiment},
  volume={2018},
  number={2},
  pages={023105},
  year={2018},
  publisher={IOP Publishing}
}


@article{l8,
  title={On the 100th anniversary of the Sackur-Tetrode equation},
  author={Grimus, Walter},
  journal={arXiv preprint arXiv:1112.3748},
  year={2011}
}

@article{l9,
  title={The gibbs paradox},
  author={Jaynes, Edwin T},
  booktitle={Maximum entropy and bayesian methods},
  pages={1--21},
  year={1992},
  publisher={Springer}
}

@article{l10,
  title={Specific heat capacity and Debye temperature of zirconia and its solid solution},
  author={Degueldre, Claude and Tissot, Paul and Lartigue, H{\'e}l{\`e}ne and Pouchon, M},
  journal={Thermochimica Acta},
  volume={403},
  number={2},
  pages={267--273},
  year={2003},
  publisher={Elsevier}
}
