@article{r1,
  title={Perovskite oxide based materials for energy and environment-oriented photocatalysis},
  author={Kumar, Ashish and Kumar, Ajay and Krishnan, Venkata},
  journal={Acs Catalysis},
  volume={10},
  number={17},
  pages={10253--10315},
  year={2020},
  publisher={ACS Publications}
}


@article{r2,
  title={Celebrating 175 years of perovskite research: a tribute to Roger H. Mitchell},
  author={Chakhmouradian, Anton R and Woodward, Patrick M},
  journal={Physics and Chemistry of Minerals},
  volume={41},
  number={6},
  pages={387--391},
  year={2014},
  publisher={Springer}
}

@article{r3,
  title={LiNbO3-type InFeO3: room-temperature polar magnet without second-order Jahn--Teller active ions},
  author={Fujita, Koji and Kawamoto, Takahiro and Yamada, Ikuya and Hernandez, Olivier and Hayashi, Naoaki and Akamatsu, Hirofumi and Lafargue-Dit-Hauret, William and Rocquefelte, Xavier and Fukuzumi, Masafumi and Manuel, Pascal and others},
  journal={Chemistry of Materials},
  volume={28},
  number={18},
  pages={6644--6655},
  year={2016},
  publisher={ACS Publications}
}

@article{r4,
  title={Rare earth double perovskites: a fertile soil in the field of perovskite oxides},
  author={Chen, Xiaoyun and Xu, Jun and Xu, Yueshan and Luo, Feng and Du, Yaping},
  journal={Inorganic Chemistry Frontiers},
  volume={6},
  number={9},
  pages={2226--2238},
  year={2019},
  publisher={Royal Society of Chemistry}
}

@article{r5,
  title={A high-throughput infrastructure for density functional theory calculations},
  author={Jain, Anubhav and Hautier, Geoffroy and Moore, Charles J and Ong, Shyue Ping and Fischer, Christopher C and Mueller, Tim and Persson, Kristin A and Ceder, Gerbrand},
  journal={Computational Materials Science},
  volume={50},
  number={8},
  pages={2295--2310},
  year={2011},
  publisher={Elsevier}
}

@article{r6,
  title={Designing meaningful density functional theory calculations in materials scienceâ€”a primer},
  author={Mattsson, Ann E and Schultz, Peter A and Desjarlais, Michael P and Mattsson, Thomas R and Leung, Kevin},
  journal={Modelling and Simulation in Materials Science and Engineering},
  volume={13},
  number={1},
  pages={R1},
  year={2004},
  publisher={IOP Publishing}
}

@article{r7,
  title={Density-functional theory calculations for poly-atomic systems: electronic structure, static and elastic properties and ab initio molecular dynamics},
  author={Bockstedte, Michel and Kley, Alexander and Neugebauer, J{\"o}rg and Scheffler, Matthias},
  journal={Computer physics communications},
  volume={107},
  number={1-3},
  pages={187--222},
  year={1997},
  publisher={Elsevier}
}

@article{r8,
  title={Reproducibility in density functional theory calculations of solids},
  author={Lejaeghere, Kurt and Bihlmayer, Gustav and Bj{\"o}rkman, Torbj{\"o}rn and Blaha, Peter and Bl{\"u}gel, Stefan and Blum, Volker and Caliste, Damien and Castelli, Ivano E and Clark, Stewart J and Dal Corso, Andrea and others},
  journal={Science},
  volume={351},
  number={6280},
  pages={aad3000},
  year={2016},
  publisher={American Association for the Advancement of Science}
}

@article{r9,
  title={Ab-initio simulations of materials using VASP: Density-functional theory and beyond},
  author={Hafner, J{\"u}rgen},
  journal={Journal of computational chemistry},
  volume={29},
  number={13},
  pages={2044--2078},
  year={2008},
  publisher={Wiley Online Library}
}

@article{r10,
  title={Antagonism between Ena/VASP proteins and actin filament capping regulates fibroblast motility},
  author={Bear, James E and Svitkina, Tatyana M and Krause, Matthias and Schafer, Dorothy A and Loureiro, Joseph J and Strasser, Geraldine A and Maly, Ivan V and Chaga, Oleg Y and Cooper, John A and Borisy, Gary G and others},
  journal={Cell},
  volume={109},
  number={4},
  pages={509--521},
  year={2002},
  publisher={Elsevier}
}

@article{r11,
  title={The proline-rich focal adhesion and microfilament protein VASP is a ligand for profilins.},
  author={Reinhard, M and Giehl, K and Abel, K and Haffner, C and Jarchau, T and Hoppe, V and Jockusch, BM and Walter, U},
  journal={The EMBO journal},
  volume={14},
  number={8},
  pages={1583--1589},
  year={1995}
}

@article{r12,
  title={Perovskite oxide based materials for energy and environment-oriented photocatalysis},
  author={Kumar, Ashish and Kumar, Ajay and Krishnan, Venkata},
  journal={Acs Catalysis},
  volume={10},
  number={17},
  pages={10253--10315},
  year={2020},
  publisher={ACS Publications}
}

@article{r13,
  title={Recent advances in Perovskite-type materials for solid oxide fuel cell cathodes},
  author={Skinner, Stephen J},
  journal={International Journal of Inorganic Materials},
  volume={3},
  number={2},
  pages={113--121},
  year={2001},
  publisher={Elsevier}
}

@article{r14,
  title={Room-temperature magnetoresistance in an oxide material with an ordered double-perovskite structure},
  author={Kobayashi, K-I and Kimura, T and Sawada, H and Terakura, K and Tokura, Y},
  journal={Nature},
  volume={395},
  number={6703},
  pages={677--680},
  year={1998},
  publisher={Nature Publishing Group}
}
