@article{s1,
  title={Surface segregation in binary alloys},
  author={Vahalia, Uresh and Dowben, Peter and Miller, Allen},
  journal={Journal of Vacuum Science \& Technology A: Vacuum, Surfaces, and Films},
  volume={4},
  number={3},
  pages={1675--1679},
  year={1986},
  publisher={American Vacuum Society}
}
@techreport{s2,
  title={Selected values of the thermodynamic properties of binary alloys},
  author={Hultgren, Ralph and Desai, Pramod D and Hawkins, Donald T and Gleiser, Molly and Kelley, Kenneth K},
  year={1973},
  institution={National Standard Reference Data System}
}
@article{s3,
  title={Segregation and immiscibility in liquid binary alloys},
  author={Singh, RN and Sommer, F},
  journal={Reports on Progress in physics},
  volume={60},
  number={1},
  pages={57},
  year={1997},
  publisher={IOP Publishing}
}
@article{s4,
  title={The structure of metals and alloys},
  author={Raynor, GV and Hume-Rothery, W},
  journal={Institute of Metals, London},
  pages={60},
  year={1954}
}
@article{s5,
  title={An extension of Krupkowski's method of interpreting thermodynamic properties of multicomponent compound-forming alloys},
  author={Fitzner, Krzysztof},
  journal={Calphad},
  volume={5},
  number={4},
  pages={239--253},
  year={1981},
  publisher={Elsevier}
}
@article{s6,
  title={Demonstration of the use of “BINGSS” with the Mg-Zn system as example},
  author={Lukas, HL and Fries, SG},
  journal={Journal of phase Equilibria},
  volume={13},
  number={5},
  pages={532--542},
  year={1992},
  publisher={Springer}
}
@article{s7,
  title={Thermodynamische untersuchungen der systeme aluminium-wismut, aluminium-indium und kupfer-thallium},
  author={Predel, Bruno and Sandig, Hartmut},
  journal={Materials Science and Engineering},
  volume={4},
  number={1},
  pages={49--57},
  year={1969},
  publisher={Elsevier}
}
@article{s8,
  title={PhD thesis, University of Provence, Marseille, France PhD thesis, University of Provence, Marseille, France, 1985},
  author={Ohtani, Hiroshi and Ono, Seiichi and Doi, Kodai and HASEBE, Mitsuhiro},
  journal={Materials transactions},
  volume={45},
  number={3},
  pages={614--624},
  year={2004}
}







